@article{sinden2014dosimetry,
  title={Dosimetry implications for correct ultrasound dose deposition: uncertainties in descriptors, planning and treatment delivery},
  author={Sinden, David and {ter Haar}, Gail},
  journal={Trans. Cancer Res.},
  volume={3},
  number={5},
  pages={459--471},
  year={2014},
  doi={10.3978/j.issn.2218-676X.2014.10.02}
}
