@String { ap      = {Acoust. Phys.} }
@String { apl     = {Appld. Phys. Lett.} }
@String { archive = {Arch. Ration. Mech. Anal.} }
@String { arfm    = {Annu. Rev. Fluid Mech.} }
@String { ijh     = {Int. J. Hyperthermia} }
@String { jap     = {J. Appld. Phys.} }
@String { jasa    = {J. Acoust. Soc. Am.} }
@String { jbe     = {J. Biomech. Eng.} }
@String { jcp     = {J. Comput. Phys.} }
@String { jfm     = {J. Fluid Mech.} }
@String { jum     = {J. Ultrasound Med.} }
@String { mp      = {Med. Phys.} }
@String { pcb     = {PLoS Comput Biol} }
@String { pf      = {Phy. Fluids} }
@String { pmb     = {Phys. Med. Biol.} }
@String { pr      = {Proc. R. Soc. A} }
@String { pre     = {Phys. Rev. E} }
@String { prl     = {Phys. Rev. Lett.} }
@String { pt      = {Phil. Trans. R. Soc. A} }
@String { spa     = {Sov. Phys. Acoust.} }
@String { tbe     = {IEEE Trans. Biomed. Eng.} }
@String { uff     = {IEEE Trans. Ultrason., Ferroelect., Freq. Contr.} }
@String { umb     = {Ultrasound Med. Biol.} }


@article{takahashi2022analysis,
  title={An analysis modality for vascular structures combining tissue-clearing technology and topological data analysis},
  author={Takahashi, Kei and Abe, Ko and Kubota, Shimpei I and Fukatsu, Noriaki and Morishita, Yasuyuki and Yoshimatsu, Yasuhiro and Hirakawa, Satoshi and Kubota, Yoshiaki and Watabe, Tetsuro and Ehata, Shogo and others},
  journal={Nat. Commun.},
  volume={13},
  number={1},
  pages={5239},
  year={2022},
  doi={10.1038/s41467-022-32848-2}
}


@article{nardini2021topological,
  title={Topological data analysis distinguishes parameter regimes in the {Anderson-Chaplain} model of angiogenesis},
  author={Nardini, John T and Stolz, Bernadette J and Flores, Kevin B and Harrington, Heather A and Byrne, Helen M},
  journal=pcb,
  volume={17},
  number={6},
  pages={e1009094},
  year={2021},
  doi={10.1371/journal.pcbi.1009094}
}

@article{singh2023topological,
  title={Topological data analysis in medical imaging: current state of the art},
  author={Singh, Yashbir and Farrelly, Colleen M and Hathaway, Quincy A and Leiner, Tim and Jagtap, Jaidip and Carlsson, Gunnar E and Erickson, Bradley J},
  journal={Insights Imaging},
  volume={14},
  number={1},
  pages={1--10},
  year={2023},
  publisher={SpringerOpen},
  doi={10.1186/s13244-023-01413-w}
}

@article{varghese2019texture,
  title={Texture analysis of imaging: what radiologists need to know},
  author={Varghese, Bino A and Cen, Steven Y and Hwang, Darryl H and Duddalwar, Vinay A},
  journal={AJR Am. J. Roentgenol.},
  volume={212},
  number={3},
  pages={520--528},
  year={2019},
  publisher={Am Roentgen Ray Soc},
  doi={10.2214/AJR.18.20624}
}

@article{harris2010speckle,
  title={Speckle tracking in a phantom and feature-based tracking in liver in the presence of respiratory motion using {4D} ultrasound},
  author={Harris, Emma J and Miller, Naomi R and Bamber, Jeffrey C and Symonds-Tayler, J Richard N and Evans, Philip M},
  journal={Phys. Med. Biol.},
  volume={55},
  number={12},
  pages={3363},
  year={2010},
  publisher={IOP Publishing},
  doi={10.1088/0031-9155/55/12/007}
}

@article{walsh2021imaging,
  title={Imaging intact human organs with local resolution of cellular structures using hierarchical phase-contrast tomography},
  author={Walsh, CL and Tafforeau, P and Wagner, WL and Jafree, DJ and Bellier, A and Werlein, C and K{\"u}hnel, MP and Boller, E and Walker-Samuel, S and Robertus, JL and others},
  journal={Nat. Methods},
  volume={18},
  number={12},
  pages={1532--1541},
  year={2021},
  publisher={Nature Publishing Group US New York},
  doi={10.1038/s41592-021-01317-x}
}

@article{errico2015ultrafast,
  title={Ultrafast ultrasound localization microscopy for deep super-resolution vascular imaging},
  author={Errico, Claudia and Pierre, Juliette and Pezet, Sophie and Desailly, Yann and Lenkei, Zsolt and Couture, Olivier and Tanter, Mickael},
  journal={Nature},
  volume={527},
  number={7579},
  pages={499--502},
  year={2015},
  publisher={Nature Publishing Group UK London},
  doi={10.1038/nature16066}
}

@article{lum2013extracting,
  title={Extracting insights from the shape of complex data using topology},
  author={Lum, Pek Y and Singh, Gurjeet and Lehman, Alan and Ishkanov, Tigran and Vejdemo-Johansson, Mikael and Alagappan, Muthu and Carlsson, John and Carlsson, Gunnar},
  journal={Sci. Rep.},
  volume={3},
  number={1},
  pages={1--8},
  year={2013},
  publisher={Springer},
  doi={10.1038/srep01236}
}

@article{vandaele2022topological,
  title={Topological data analysis of thoracic radiographic images shows improved radiomics-based lung tumor histology prediction},
  author={Vandaele, Robin and Mukherjee, Pritam and Selby, Heather Marie and Shah, Rajesh Pravin and Gevaert, Olivier},
  journal={Patterns},
  pages={100657},
  year={2022},
  publisher={Elsevier},
  doi={10.1016/j.patter.2022.100657}
}

@article{hyun2021deep,
  title={Deep learning for ultrasound image formation: CUBDL evaluation framework and open datasets},
  author={Hyun, Dongwoon and Wiacek, Alycen and Goudarzi, Sobhan and Rothl{\"u}bbers, Sven and Asif, Amir and Eickel, Klaus and Eldar, Yonina C and Huang, Jiaqi and Mischi, Massimo and Rivaz, Hassan and others},
  journal={IEEE Trans. Ultrason. Ferroelectr. Freq. Control},
  volume={68},
  number={12},
  pages={3466--3483},
  year={2021},
  publisher={IEEE},
  doi={10.1109/TUFFC.2021.3094849}
}

@article{schwen2018data,
  author  = {Schwen, Lars Ole and Andersson, Emilia and Korski, Konstanty and Weiss, Nick and Haase, Sabrina and Gaire, Fabien and Hahn, Horst K and Homeyer, Andr{\'e} and Grimm, Oliver},
  journal = {Front. Oncol.},
  title   = {Data-driven discovery of immune contexture biomarkers},
  year    = {2018},
  pages   = {627},
  volume  = {8},
  doi     = {10.3389/fonc.2018.00627},
}

@article{rocks2020revealing,
  author  = {Rocks, Jason W and Liu, Andrea J and Katifori, Eleni},
  journal = {Phys. Rev. Res.},
  title   = {Revealing structure-function relationships in functional flow networks via persistent homology},
  year    = {2020},
  number  = {3},
  pages   = {033234},
  volume  = {2},
  doi     = {10.1103/PhysRevResearch.2.033234},
}

@article{katifori2012quantifying,
  author  = {Katifori, Eleni and Magnasco, Marcelo O},
  journal = {PloS ONE},
  title   = {Quantifying loopy network architectures},
  year    = {2012},
  number  = {6},
  pages   = {e37994},
  volume  = {7},
  doi     = {10.1103/PhysRevResearch.2.033234},
}

@Article{stolz2022multiscale,
  author  = {Stolz, Bernadette J and Kaeppler, Jakob and Markelc, Bostjan and Braun, Franziska and Lipsmeier, Florian and Muschel, Ruth J and Byrne, Helen M and Harrington, Heather A},
  journal = {Sci. Adv.},
  title   = {Multiscale topology characterizes dynamic tumor vascular networks},
  year    = {2022},
  number  = {23},
  pages   = {eabm2456},
  volume  = {8},
  doi     = {10.1126/sciadv.abm2456},
}

@Article{bukkuri2021applications,
  author  = {Bukkuri, Anuraag and Andor, Noemi and Darcy, Isabel K},
  journal = {Front. Artif. Intell.},
  title   = {Applications of topological data analysis in oncology},
  year    = {2021},
  pages   = {659037},
  volume  = {4},
  doi     = {10.3389/frai.2021.659037},
}

@Article{zhang2022fluid,
  author  = {Zhang, Qihao and Luo, Xianfu and Zhou, Liangdong and Nguyen, Thanh D and Prince, Martin R and Spincemaille, Pascal and Wang, Yi},
  journal = {IEEE Trans. Biomed. Eng.},
  title   = {Fluid mechanics approach to perfusion quantification: vasculature computational fluid dynamics simulation, quantitative transport mapping (QTM) analysis of dynamics contrast enhanced {MRI}, and application in nonalcoholic fatty liver disease classification},
  year    = {2022},
  number  = {3},
  pages   = {980--990},
  volume  = {70},
  doi     = {10.1109/TBME.2022.3207057},
}

@Article{vignon2023poc,
  author  = {Vignon-Clementel,Irene E and Jagiella, Nick and Dichamp, Jules and Lederle, Wiltrud and Laue, Hendrik and Kiessling, Fabian and Sedlaczek, Oliver and Drasdo, Dirk},
  journal = {Front. Bioinform.},
  title   = {A proof-of-concept pipeline to guide evaluation of tumor tissue perfusion by dynamic contrast-agent imaging: direct simulation and inverse tracer-kinetic procedures},
  year    = {2023},
  number  = {3},
  pages   = {14},
  volume  = {3},
  doi     = {10.3389/fbinf.2023.977228},
}

@Article{brown2022quantification,
  author  = {Brown, Emma L and Lefebvre, Thierry L and Sweeney, Paul W and Stolz, Bernadette J and Gr{\"o}hl, Janek and Hacker, Lina and Huang, Ziqiang and Couturier, Dominique-Laurent and Harrington, Heather A and Byrne, Helen M and others},
  journal = {Photoacoustics},
  title   = {Quantification of vascular networks in photoacoustic mesoscopy},
  year    = {2022},
  pages   = {100357},
  volume  = {26},
  doi     = {10.1016/j.pacs.2022.100357},
}

@incollection{wubie2018cluster,
  title={Cluster identification via persistent homology and other clustering techniques, with application to liver transplant data},
  author={Wubie, Berhanu A and Andres, Axel and Greiner, Russell and Hoehn, Bret and Montano-Loza, Aldo and Kneteman, Norman and Heo, Giseon},
  booktitle={Research in Computational Topology},
  pages={145--177},
  editor={Chambers, Erin Wolf and Fasy, Brittany Terese and Ziegelmeier, Lori},
  year={2018},
  publisher={Springer},
  doi={10.1007/978-3-319-89593-2_9}
}

@article{moon2020using,
  title={Using Persistent Homology Topological Features to Characterize Medical Images: Case Studies on Lung and Brain Cancers},
  author={Moon, Chul and Li, Qiwei and Xiao, Guanghua},
  journal={arXiv preprint arXiv:2012.12102},
  year={2020},
  doi={10.48550/arXiv.2012.12102}
}

@Article{opacic2018motion,
  author    = {Opacic, Tatjana and Dencks, Stefanie and Theek, Benjamin and Piepenbrock, Marion and Ackermann, Dimitri and Rix, Anne and Lammers, Twan and Stickeler, Elmar and Delorme, Stefan and Schmitz, Georg and others},
  journal   = {Nat. Commun.},
  title     = {Motion model ultrasound localization microscopy for preclinical and clinical multiparametric tumor characterization},
  year      = {2018},
  number    = {1},
  pages     = {1--13},
  volume    = {9},
  doi       = {10.1038/s41467-018-03973-8},
  publisher = {Nature Publishing Group},
}

@article{weinbaum1985new,
  title={A new simplified bioheat equation for the effect of blood flow on local average tissue temperature},
  author={Weinbaum, Sheldon and Jiji, Latif M},
  journal={J. Biomech. Eng.},
  volume={107},
  number={2},
  pages={131--139},
  year={1985},
  doi={10.1115/1.3138533}
}

@Article{salch2021mathematics,
  author  = {Salch, Andrew and Regalski, Adam and Abdallah, Hassan and Suryadevara, Raviteja and Catanzaro, Michael J and Diwadkar, Vaibhav A},
  journal = {PloS one},
  title   = {From mathematics to medicine: A practical primer on topological data analysis (TDA) and the development of related analytic tools for the functional discovery of latent structure in {fMRI} data},
  year    = {2021},
  number  = {8},
  pages   = {e0255859},
  volume  = {16},
  doi     = {10.1371/journal.pone.0255859},
}

@Article{clough2020topological,
  author  = {Clough, James R and Byrne, Nicholas and Oksuz, Ilkay and Zimmer, Veronika A and Schnabel, Julia A and King, Andrew P},
  journal = {IEEE Trans. Pattern Anal. Mach. Intell.},
  title   = {A topological loss function for deep-learning based image segmentation using persistent homology},
  year    = {2020},
  number  = {12},
  pages   = {8766--8778},
  volume  = {44},
  doi     = {10.1109/TPAMI.2020.3013679},
}

@Article{aukerman2021persistent,
  author  = {Aukerman, Andrew and Carri{\`e}re, Mathieu and Chen, Chao and Gardner, Kevin and Rabad{\'a}n, Ra{\'u}l and Vanguri, Rami},
  journal = {J. Comput. Geom.},
  title   = {Persistent homology based characterization of the breast cancer immune microenvironment: a feasibility study},
  year    = {2021},
  number  = {2},
  pages   = {183--206},
  volume  = {12},
  doi     = {10.20382/jocg.v12i2a9},
}
