@book{ultrasound1,
    author = {Sinden, DM.},
    year = {2010},
    title = {Something else book},
    publisher={Me}
}

@article{guillemin2022nct,
  title={A novel concept of transperineal focused ultrasound transducer for prostate cancer local deep hyperthermia treatments},
  author={Guillemin, Pauline Coralie and Sinden, David and M’Rad, Yacine and Schwenke, Michael and {Le Guevelou}, Jennifer and Uiterwijk, Johan and Lorton, Orane and Scheffler, Max and Poletti, Pierre-Alexandre and Jenne, Jürgen and Zilli, Thomas and Salomir, Rares},
  journal={Cancers},
  volume={15},
  number={1},
  pages={163},
  year={2022},
  doi={10.3390/cancers15010163}
}


@article{pahk2017numerical,
  title={Numerical and experimental study of mechanisms involved in boiling histotripsy},
  author={Pahk, Ki Joo and G{\'e}lat, Pierre and Sinden, David and Dhar, Dipok Kumar and Saffari, Nader},
  journal={Ultrasound Med. Biol.},
  volume={43},
  number={12},
  pages={2848--2861},
  year={2017},
  publisher={Elsevier},
  doi={10.1016/j.ultrasmedbio.2017.08.938}
}


@article{budd2023joint,
  title={Joint reconstruction-segmentation on graphs},
  author={Budd, Jeremy M and van Gennip, Yves and Latz, Jonas and Parisotto, Simone and Sch{\"o}nlieb, Carola-Bibiane},
  journal={SIAM J. Imaging. Sci.},
  volume={16},
  number={2},
  pages={911--947},
  year={2023},
  publisher={SIAM},
  doi={10.1137/22M151546X}
}

@article{sinden2012approximations,
  title={Approximations for acoustically excited bubble cluster dynamics},
  author={Sinden, D and Stride, E and Saffari, N},
  journal={J. Phys.: Conf. Ser.},
  volume={353},
  number={1},
  pages={012008},
  year={2012},
  organization={IOP Publishing},
  doi={10.1088/1742-6596/353/1/012008}
}


@article{stahli2020improved,
  title={Improved forward model for quantitative pulse-echo speed-of-sound imaging},
  author={St{\"a}hli, Patrick and Kuriakose, Maju and Frenz, Martin and Jaeger, Michael},
  journal={Ultrasonics},
  volume={108},
  pages={106168},
  year={2020},
  publisher={Elsevier},
  doi={10.1016/j.ultras.2020.106168}
}

@article{kok2014quantifying,
  title={Quantifying the combined effect of radiation therapy and hyperthermia in terms of equivalent dose distributions},
  author={Kok, H Petra and Crezee, Johannes and Franken, Nicolaas AP and Stalpers, Lukas JA and Barendsen, Gerrit W and Bel, Arjan},
  journal={Int. J. Radiat. Oncol. Biol. Phys.},
  volume={88},
  number={3},
  pages={739--745},
  year={2014},
  publisher={Elsevier},
  doi={10.1016/j.ijrobp.2013.11.212}
}

@article{dudziuk2019biologically,
  title={Biologically sound formal model of {HSP70} heat induction},
  author={Dudziuk, Grzegorz and Wronowska, Weronika and Gambin, Anna and Szyma{\'n}ska, Zuzanna and Rybi{\'n}ski, Miko{\l}aj},
  journal={J. Theor. Biol.},
  volume={478},
  pages={74--101},
  year={2019},
  publisher={Elsevier},
  doi={10.1016/j.jtbi.2019.05.022}
}

@article{banjai2014fast,
  title={Fast convolution quadrature for the wave equation in three dimensions},
  author={Banjai, Lehel and Kachanovska, Maryna},
  journal={J. Comp. Phys.},
  volume={279},
  pages={103--126},
  year={2014},
  publisher={Elsevier},
  doi={10.1016/j.jcp.2014.08.049}
}

@article{nair2020deep,
  title={Deep learning to obtain simultaneous image and segmentation outputs from a single input of raw ultrasound channel data},
  author={Nair, Arun Asokan and Washington, Kendra N and Tran, Trac D and Reiter, Austin and Bell, Muyinatu A Lediju},
  journal={IEEE Trans. Ultrason. Ferroelectr. Freq. Control},
  volume={67},
  number={12},
  pages={2493--2509},
  year={2020},
  publisher={IEEE},
  doi={10.1109/TUFFC.2020.2993779}
}