@inproceedings{sinden2017reducing,
  title={Reducing uncertainties for spatial averaging at high frequencies},
  author={Sinden, David and Rajagopal, Srinath and Chaggares, N Christopher and Pang, Guofeng and Ivanytskyy, Oleg},
  booktitle={2017 IEEE International Ultrasonics Symposium (IUS)},
  pages={1--4},
  year={2017},
  organization={IEEE}
}