@article{smith2020building,
  title={Building confidence in digital health through metrology},
  author={Smith, Nadia AS and Sinden, David and Thomas, Spencer A and Romanchikova, Marina and Talbott, Jessica E and Adeogun, Michael},
  journal={The British Journal of Radiology},
  volume={93},
  number={1109},
  pages={20190574},
  year={2020},
  publisher={The British Institute of Radiology.}
}