@article{smith2020building,
  title={Building confidence in digital health through metrology},
  author={Smith, Nadia AS and Sinden, David and Thomas, Spencer A and Romanchikova, Marina and Talbott, Jessica E and Adeogun, Michael},
  journal={Br. J. Radiol.},
  volume={93},
  number={1109},
  pages={20190574},
  year={2020},
  publisher={The British Institute of Radiology},
  doi={10.1259/bjr.20190574}
}
