@article{pahk2017numerical,
  title={Numerical and experimental study of mechanisms involved in boiling histotripsy},
  author={Pahk, Ki Joo and G{\'e}lat, Pierre and Sinden, David and Dhar, Dipok Kumar and Saffari, Nader},
  journal={Ultrasound Med. Biol.},
  volume={43},
  number={12},
  pages={2848--2861},
  year={2017},
  publisher={Elsevier},
  doi={10.1016/j.ultrasmedbio.2017.08.938}
}
