@inproceedings{sinden2012approximations,
  title={Approximations for acoustically excited bubble cluster dynamics},
  author={Sinden, D and Stride, E and Saffari, N},
  booktitle={Journal of Physics: Conference Series},
  volume={353},
  number={1},
  pages={012008},
  year={2012},
  organization={IOP Publishing},
  doi={10.1088/1742-6596/353/1/012008}
}
