@inproceedings{rothluebbers2020iiq,
  author={Rothlübbers, Sven and Strohm, Hannah and Eickel, Klaus and Jenne, Jürgen and Kuhlen, Vincent and Sinden, David and Günther, Matthias},
  booktitle={2020 IEEE International Ultrasonics Symposium (IUS)}, 
  title={Improving Image Quality of Single Plane Wave Ultrasound via Deep Learning Based Channel Compounding}, 
  year={2020},
  volume={},
  number={},
  pages={1-4},
  doi={10.1109/IUS46767.2020.9251322}}