@article{neizert2025oma,
  title={Optimizing microwave ablation planning with the ablation success ratio},
  author={Neizert, Christina A. and Do, Hoang N. C. and Zibell, Miriam and Sinden, David and Rieder, Christian and Niehues, Stefan M and Lehmann, Kai S and Poch, Franz G M},
  journal={Sci. Rep.},
  volume={15},
  pages={10450},
  year={2025},
  doi={10.1038/s41598-025-94957-4}
}
