@article{kaupinmaki2020pyroelectric,
  title={Pyroelectric ultrasound sensor model: directional response},
  author={Kaupinm{\"a}ki, Santeri and Cox, Ben and Arridge, Simon and Baker, Christian and Sinden, David and Zeqiri, Bajram},
  journal={Meas. Sci. Technol.},
  volume={32},
  number={3},
  pages={035106},
  year={2020},
  publisher={IOP Publishing},
  doi={10.1088/1361-6501/abc866}
}
