@article{guillemin2022nct,
  title={A novel concept of transperineal focused ultrasound transducer for prostate cancer local deep hyperthermia treatments},
  author={Guillemin, Pauline Coralie and Sinden, David and M’Rad, Yacine and Schwenke, Michael and {Le Guevelou}, Jennifer and Uiterwijk, Johan and Orane Lorton, Orane and Scheffler, Max and Poletti, Pierre-Alexandre and Jenne, Jürgen and Zilli, Thomas and Salomir, Rares}
  journal={Cancer},
  volume={15},
  number={1},
  pages={163},
  year={2022},
  doi={10.3390/cancers15010163}
}
