@inbook{citekey,
  author    = "David Sinden",
  title     = "Numerical modelling for simulation and planning of focused ultrasound treatments",
  chapter   = "6",
  publisher = "CRC Press",
  year      = "2024",
  editor    = {Feng Wu and Gail and ter Haar and Ian Rivens},
  series    = "Series in Medical Physics and Biomedical Engineering",
  address   = "Baton Rogue, FL",
  edition   = "1",
  pages     = "71--90",
  doi={10.1201/9780429162671-6}
}
