@article{sinden08ice,
  title={Integrability of a conducting elastic rod in a magnetic field},
  author={Sinden, D. and {van der Heijden}, G. H. M.},
  journal={J. Phys. A: Math. Theor},
  volume={41},
  pages={045207},
  year={2008},
  organization={IOP},
  doi={10.1088/1751-8113/41/4/045207}
}
