@String { ap      = {Acoust. Phys.} }
@String { archive = {Arch. Ration. Mech. Anal.} }
@String { arfm    = {Annu. Rev. Fluid Mech.} }
@String { jap     = {J. Appld. Phys.} }
@String { jasa    = {J. Acoust. Soc. Am.} }
@String { jfm     = {J. Fluid Mech.} }
@String { jum     = {J. Ultrasound Med.} }
@String { pf      = {Phy. Fluids} }
@String { pmb     = {Phys. Med. Biol.} }
@String { pr      = {Proc. R. Soc. A} }
@String { pre     = {Phys. Rev. E} }
@String { prl     = {Phys. Rev. Lett.} }
@String { pt      = {Phil. Trans. R. Soc. A} }
@String { spa     = {Sov. Phys. Acoust.} }
@String { uff     = {IEEE Trans. Ultrason., Ferroelect., Freq. Contr.} }
@String { umb     = {Ultrasound Med. Biol.} }
@String { ijh     = {Int. J. Hyperthermia} }

@String { plos_one     = {PLoS One} }
@String { plos_cb     = {PLoS Comput. Biol.} }
@String { jbe = {J. Biomech. Eng.} }
@String { jb = {J. Biomech.} }

@String { chm = {Clin. Hemorheol. Microcirc.} }
@String { ams = {Acta Mech. Sin.} }
@String { tbmm = {Theor. Biol. Med. Model} }