@article{ravishankar2023sonosamtrack,
  title={SonoSAMTrack -- Segment and Track Anything on Ultrasound Images},
  author={Ravishankar, Hariharan and Patil, Rohan and Melapudi, Vikram and Suthar, Harsh and Anzengruber, Stephan and Bhatia, Parminder and Taha, Kass-Hout and Annangi, Pavan},
  journal={arXiv preprint arXiv:2310.16872},
  year={2023}
}