@inproceedings{sinden2011bmc,
  title={The buckling of magneto-strictive Cosserat rods},
  author={Sinden, D. and {van der Heijden}, G. H. M.},
  editor={Bernardini, D. and Rega, G. and Romeo, F.}
  booktitle={Proc. 7th European Nonlinear Dynamics Conference (ENOC 2011)},
  pages={4},
  year={2011},
  organization={European Mechanics Society},
  ISBN={978-88-906234-2-4}
}
