@article{sinden2009sce,
  title={Spatial chaos of an extensible conducting rod in a uniform magnetic field},
  author={Sinden, D. and {van der Heijden}, G. H. M.},
  journal={J. Phys. A: Math. Theor},
  volume={42},
  pages={375207},
  year={2009},
  organization={IOP},
  doi={10.1088/1751-8113/42/37/375207}
}
