@inproceedings{sinden2009effects,
  title={The effects of nonlinear wave propagation on the stability of inertial cavitation},
  author={Sinden, David and Stride, Eleanor and Saffari, Nader},
  booktitle={Journal of Physics: Conference Series},
  volume={195},
  number={1},
  pages={012008},
  year={2009},
  organization={IOP Publishing}
}