@phdthesis{phdthesis,
  author       = {David Sinden},
  title        = {Integrability, localisation and bifurcation of an elastic conducting rod in a uniform magnetic field,
  school       = {University College London},
  year         = 2009,
  address      = {Gower Street, London, WC1E 6BT},
  month        = 3
}
