@article{neizert2022tav,
  title={Three-dimensional assessment of vascular cooling effects on hepatic microwave ablation in a standardized ex vivo model},
  author={Neizert, Christina A. and Do, Hoang N. C. and Zibell, Miriam and Rieder, Christian and Sinden, David and Niehues, Stefan M and Vahldiek, Janis L and Lehmann, Kai S and Poch, Franz G M},
  journal={Sci. Rep.},
  volume={12},
  pages={17061},
  year={2022},
  doi={10.1038/s41598-022-21437-4}
}
