@inproceedings{vanderheijden2011ltc,
  title={Localisation of a twisted conducting rod in a uniform magnetic field: the Hamiltonian-Hopf-Hopf bifurcation},
  author={{van der Heijden}, G. H. M. and Sinden, D.},
  editor={D Bernardini, D. and Rega, G. and Romeo, F.}
  booktitle={ENOC 2011},
  number={7},
  pages={4},
  year={2011},
  organization={European Mechanics Society}
}
