@article{guillemin2022nct,
  title={A novel concept of transperineal focused ultrasound transducer for prostate cancer local deep hyperthermia treatments},
  author={Guillemin, Pauline Coralie and {\myname{David Sinden}} and M'Rad, Yacine and Schwenke, Michael and {Le Guevelou}, Jennifer and Uiterwijk, Johan and Lorton, Orane and Scheffler, Max and Poletti, Pierre-Alexandre and Jenne, Jürgen and Zilli, Thomas and Salomir, Rares},
  journal={Cancers},
  volume={15},
  number={1},
  pages={163},
  year={2022},
  doi={10.3390/cancers15010163}
}

@article{neizert2022tav,
  title={Three-dimensional assessment of vascular cooling effects on hepatic microwave ablation in a standardized ex vivo model},
  author={Neizert, Christina A. and Do, Hoang N. C. and Zibell, Miriam and Rieder, Christian and {\myname{David Sinden}} and Niehues, Stefan M. and Vahldiek, Janis L. and Lehmann, Kai S. and Poch, Franz G. M.},
  journal={Sci. Rep.},
  volume={12},
  pages={17061},
  year={2022},
  doi={10.1038/s41598-022-21437-4}
}

@inproceedings{heimes2022set,
booktitle = {Eurographics Workshop on Visual Computing for Biology and Medicine},
editor = {Renata G. Raidou and Bj\"{o}rn Sommer and Torsten W. Kuhlen and Michael Krone and Thomas Schultz and Hsiang-Yun Wu},
title = {{Studying the Effect of Tissue Properties on Radiofrequency Ablation by Visual Simulation Ensemble Analysis}},
author = {Heimes, Karl and Evers, Marina and Gerrits, Tim and Gyawali, Sandeep and {\myname{David Sinden}} and Preusser, Tobias and Linsen, Lars},
year = {2022},
publisher = {The Eurographics Association},
ISSN = {2070-5786},
ISBN = {978-3-03868-177-9},
DOI = {10.2312/vcbm.20221187}
}

@article{hyun2021dlu,
  author={Hyun, Dongwoon and Wiacek, Alycen and Goudarzi, Sobhan and Rothlübbers, Sven and Asif, Amir and Eickel, Klaus and Eldar, Yonina C. and Huang, Jiaqi and Mischi, Massimo and Rivaz, Hassan and {\myname{David Sinden}} and van Sloun, Ruud J. G. and Strohm, Hannah and Bell, Muyinatu A. Lediju},
  journal={IEEE Trans. Ultrason. Ferroelectr. Freq. Control}, 
  title={Deep Learning for Ultrasound Image Formation: {CUBDL} Evaluation Framework and Open Datasets}, 
  year={2021},
  volume={68},
  number={12},
  pages={3466--3483},
  doi={10.1109/TUFFC.2021.3094849}
}

@inproceedings{rothluebbers2020iiq,
  author={Rothlübbers, Sven and Strohm, Hannah and Eickel, Klaus and Jenne, Jürgen and Kuhlen, Vincent and {\myname{David Sinden}} and Günther, Matthias},
  booktitle={2020 IEEE International Ultrasonics Symposium (IUS)}, 
  title={Improving Image Quality of Single Plane Wave Ultrasound via Deep Learning Based Channel Compounding}, 
  year={2020},
  volume={},
  number={},
  pages={1-4},
  doi={10.1109/IUS46767.2020.9251322}
}

@article{smith2020building,
  title={Building confidence in digital health through metrology},
  author={Smith, Nadia A. S. and {\myname{David Sinden}} and Thomas, Spencer A. and Romanchikova, Marina and Talbott, Jessica E and Adeogun, Michael},
  journal={Br. J. Radiol.},
  volume={93},
  number={1109},
  pages={20190574},
  year={2020},
  publisher={The British Institute of Radiology.},
  doi={10.1259/bjr.20190574}
}

@article{kaupinmaki2020pyroelectric,
  title={Pyroelectric ultrasound sensor model: directional response},
  author={Kaupinm{\"a}ki, Santeri and Cox, Ben and Arridge, Simon and Baker, Christian and {\myname{David Sinden}} and Zeqiri, Bajram},
  journal={Meas. Sci. Technol.},
  volume={32},
  number={3},
  pages={035106},
  year={2020},
  publisher={IOP Publishing},
  doi={10.1088/1361-6501/abc866}
}

@article{pahk2017numerical,
  title={Numerical and experimental study of mechanisms involved in boiling histotripsy},
  author={Pahk, Ki Joo and G{\'e}lat, Pierre and {\myname{David Sinden}} and Dhar, Dipok Kumar and Saffari, Nader},
  journal={Ultrasound Med. Biol.},
  volume={43},
  number={12},
  pages={2848--2861},
  year={2017},
  publisher={Elsevier},
}

@inproceedings{sinden2017reducing,
  title={Reducing uncertainties for spatial averaging at high frequencies},
  author={{\myname{David Sinden}} and Rajagopal, Srinath and Chaggares, N. Christopher and Pang, Guofeng and Ivanytskyy, Oleg},
  booktitle={2017 IEEE International Ultrasonics Symposium (IUS)},
  pages={1--4},
  year={2017},
  organization={IEEE},
  doi={10.1109/ULTSYM.2017.8091600}
}

@article{sinden2014dosimetry,
  title={Dosimetry implications for correct ultrasound dose deposition: uncertainties in descriptors, planning and treatment delivery},
  author={{\myname{David Sinden}} and {ter Haar}, Gail},
  journal={Trans. Cancer Res.},
  volume={3},
  number={5},
  pages={459--471},
  year={2014},
  doi={10.3978/j.issn.2218-676X.2014.10.02}
}

@inproceedings{sinden2012approximations,
  title={Approximations for acoustically excited bubble cluster dynamics},
  author={{\myname{David Sinden}} and Stride, Eleanor and Saffari, Nader},
  booktitle={J. Phys.: Conf. Ser.},
  volume={353},
  pages={012008},
  year={2012},
  organization={IOP Publishing},
  doi={10.1088/1742-6596/353/1/012008}
}

@inproceedings{vanderheijden2011ltc,
  title={Localisation of a twisted conducting rod in a uniform magnetic field: the {Hamiltonian-Hopf-Hopf} bifurcation},
  author={{van der Heijden}, Gert H. M. and {\myname{David Sinden}}},
  editor={Bernardini, D. and Rega, G. and Romeo, F.},
  booktitle={Proc. 7th European Nonlinear Dynamics Conference (ENOC 2011)},
  pages={4},
  year={2011},
  organization={European Mechanics Society},
  ISBN={978-88-906234-2-4}
}

@inproceedings{sinden2011bmc,
  title={The buckling of magneto-strictive {Cosserat} rods},
  author={{\myname{David Sinden}} and {van der Heijden}, Gert H. M.},
  editor={Bernardini, D. and Rega, G. and Romeo, F.},
  booktitle={Proc. 7th European Nonlinear Dynamics Conference (ENOC 2011)},
  pages={4},
  year={2011},
  organization={European Mechanics Society},
  ISBN={978-88-906234-2-4}
}

@inproceedings{sinden2009effects,
  title={The effects of nonlinear wave propagation on the stability of inertial cavitation},
  author={{\myname{David Sinden}} and Stride, Eleanor and Saffari, Nader},
  booktitle={J. Phys.: Conf. Ser.},
  volume={195},
  pages={012008},
  year={2009},
  organization={IOP Publishing},
  doi={10.1088/1742-6596/195/1/012008}
}

@article{sinden2009sce,
  title={Spatial chaos of an extensible conducting rod in a uniform magnetic field},
  author={{\myname{David Sinden}} and {van der Heijden}, Gert H. M.},
  journal={J. Phys. A: Math. Theor},
  volume={42},
  pages={375207},
  year={2009},
  organization={IOP Publishing},
  doi={10.1088/1751-8113/42/37/375207}
}

@article{sinden2008ice,
  title={Integrability of a conducting elastic rod in a magnetic field},
  author={{\myname{David Sinden}} and {van der Heijden}, Gert H. M.},
  journal={J. Phys. A: Math. Theor},
  volume={41},
  pages={045207},
  year={2008},
  organization={IOP Publishing},
  doi={10.1088/1751-8113/41/4/045207}
}
